@book{Ohm.1827,
 author = {Ohm, Georg Simon},
 year = {1827},
 title = {Die galvanische Kette},
 edition = {1. Auflage},
 publisher = {Riemann},
 location = {Berlin},
}
