@book{Ohm.1827,
    author = {Ohm, Georg Simon},
    year = {1827},
    title = {Die galvanische Kette},
    edition = {1. Auflage},
    publisher = {Riemann},
    location = {Berlin},
}

@online{HsH.ELC,
	title = {Hochschule Hannover -- Servicezentrum Lehre -- Digital Lehren und Lernen},
	url = {https://www.hs-hannover.de/ueber-uns/organisation/servicezentrum-lehre/digital-lehren-und-lernen},
	urldate = {2023-07-28},
	year = {2023},
	organisation = {Hochschule Hannover},
}
